@misc{semeion,
   author = "Semeion Research Center of Sciences of Communication",
   title = "Semeion Handwritten Digit Data Set",
   year = "1994",
   url = "https://archive.ics.uci.edu/ml/datasets/Semeion+Handwritten+Digit",
   note = "[Online; accessed 30-May-2016]"
}

@book{friedman2001elements,
  title={The elements of statistical learning},
  author={Friedman, Jerome and Hastie, Trevor and Tibshirani, Robert},
  volume={1},
  year={2001},
  publisher={Springer series in statistics Springer, Berlin}
}

@article{scikit-learn,
 title={Scikit-learn: Machine Learning in {P}ython},
 author={Pedregosa, F. and Varoquaux, G. and Gramfort, A. and Michel, V.
         and Thirion, B. and Grisel, O. and Blondel, M. and Prettenhofer, P.
         and Weiss, R. and Dubourg, V. and Vanderplas, J. and Passos, A. and
         Cournapeau, D. and Brucher, M. and Perrot, M. and Duchesnay, E.},
 journal={Journal of Machine Learning Research},
 volume={12},
 pages={2825--2830},
 year={2011}
}

@misc{nbsklearn,
   author = "Scikit-learn.org",
   title = "Naive Bayes — scikit-learn 0.17.1 documentation",
   year = "2016",
   url = "http://scikit-learn.org/stable/modules/naive_bayes.html",
   note = "[Online; accessed 30-May-2016]"
}

@misc{svmsklearn,
   author = "Scikit-learn.org",
   title = "Support Vector Machines — scikit-learn 0.17.1 documentation",
   year = "2016",
   url = "http://scikit-learn.org/stable/modules/svm.html",
   note = "[Online; accessed 30-May-2016]"
}

@misc{knnsklearn,
   author = "Scikit-learn.org",
   title = "Nearest Neighbors — scikit-learn 0.17.1 documentation",
   year = "2016",
   url = "http://scikit-learn.org/stable/modules/neighbors.html#nearest-neighbors-classification",
   note = "[Online; accessed 30-May-2016]"
}

@misc{ldasklearn,
   author = "Scikit-learn.org",
   title = "Linear and Quadratic Discriminant Analysis — scikit-learn 0.17.1 documentation",
   year = "2016",
   url = "http://scikit-learn.org/stable/modules/lda_qda.html",
   note = "[Online; accessed 30-May-2016]"
}

@article{decoste2002training,
  title={Training invariant support vector machines},
  author={Decoste, Dennis and Sch{\"o}lkopf, Bernhard},
  journal={Machine learning},
  volume={46},
  number={1-3},
  pages={161--190},
  year={2002},
  publisher={Springer}
}

@article{keysers2007comparison,
  title={Comparison and combination of state-of-the-art techniques for handwritten character recognition: topping the mnist benchmark},
  author={Keysers, Daniel},
  journal={arXiv preprint arXiv:0710.2231},
  year={2007}
}

@inproceedings{kouropteva2003classification,
  title={Classification of handwritten digits using supervised locally linear embedding algorithm and support vector machine.},
  author={Kouropteva, Olga and Okun, Oleg and Pietik{\"a}inen, Matti},
  booktitle={ESANN},
  pages={229--234},
  year={2003},
  organization={Citeseer}
}

@article{scholkopf1998prior,
  title={Prior knowledge in support vector kernels},
  author={Sch{\"o}lkopf, Bernhard and Simard, Patrice and Smola, Alexander J and Vapnik, Vladimir},
  journal={Advances in neural information processing systems},
  pages={640--646},
  year={1998},
  publisher={MORGAN KAUFMANN PUBLISHERS}
}
 
@inproceedings{bernard2007using,
  title={Using random forests for handwritten digit recognition},
  author={Bernard, Simon and Adam, S{\'e}bastien and Heutte, Laurent},
  booktitle={Document Analysis and Recognition, 2007. ICDAR 2007. Ninth International Conference on},
  volume={2},
  pages={1043--1047},
  year={2007},
  organization={IEEE}
} 

@article{adankon2009model,
  title={Model selection for the LS-SVM. Application to handwriting recognition},
  author={Adankon, Mathias M and Cheriet, Mohamed},
  journal={Pattern Recognition},
  volume={42},
  number={12},
  pages={3264--3270},
  year={2009},
  publisher={Elsevier}
}
 
@inproceedings{wan2013regularization,
  title={Regularization of neural networks using dropconnect},
  author={Wan, Li and Zeiler, Matthew and Zhang, Sixin and Cun, Yann L and Fergus, Rob},
  booktitle={Proceedings of the 30th International Conference on Machine Learning (ICML-13)},
  pages={1058--1066},
  year={2013}
}

@article{fletcher2009support,
  title={Support vector machines explained},
  author={Fletcher, Tristan},
  journal={[Online] http://sutikno.blog.undip.ac.id/files/2011/11/SVM-Explained.pdf},
  year={2009}
}

@misc{ wiki:fscore,
   author = "Wikipedia",
   title = "F1 score --- Wikipedia{,} The Free Encyclopedia",
   year = "2016",
   url = "\url{https://en.wikipedia.org/w/index.php?title=F1_score&oldid=703225135}",
   note = "[Online; accessed 9-May-2016]"
}
 
@misc{ wiki:pandr,
   author = "Wikipedia",
   title = "Precision and recall --- Wikipedia{,} The Free Encyclopedia",
   year = "2016",
   url = "\url{https://en.wikipedia.org/w/index.php?title=Precision_and_recall&oldid=704896315}",
   note = "[Online; accessed 9-May-2016]"
   }
 
 @misc{kotsiantis2007supervised,
  title={Supervised machine learning: A review of classification techniques},
  author={Kotsiantis, Sotiris B and Zaharakis, I and Pintelas, P},
  year={2007}
}

@article{russell1995modern,
  title={A modern approach},
  author={Russell, Stuart and Norvig, Peter and Intelligence, Artificial},
  journal={Artificial Intelligence. Prentice-Hall, Egnlewood Cliffs},
  volume={25},
  pages={27},
  year={1995},
  publisher={Citeseer}
}

@article{kohavi1997improving,
  title={Improving simple bayes},
  author={Kohavi, Ron and Becker, Barry and Sommerfield, Dan},
  year={1997},
  publisher={Citeseer}
}

@book{rajaraman2012mining,
  title={Mining of massive datasets},
  author={Rajaraman, Anand and Ullman, Jeffrey D and Ullman, Jeffrey David and Ullman, Jeffrey David},
  volume={1},
  year={2012},
  publisher={Cambridge University Press Cambridge}
}

@misc{bishop2007pattern,
  title={Pattern Recognition and Machine Learning (Information Science and Statistics), 1st edn. 2006. corr. 2nd printing edn},
  author={Bishop, C},
  year={2007},
  publisher={Springer, New York}
}

@book{murphy2012machine,
  title={Machine learning: a probabilistic perspective},
  author={Murphy, Kevin P},
  year={2012},
  publisher={MIT press}
}

@article{park2013introduction,
  title={An introduction to logistic regression: from basic concepts to interpretation with particular attention to nursing domain},
  author={Park, Hyeoun},
  journal={Journal of Korean Academy of Nursing},
  volume={43},
  number={2},
  pages={154--164},
  year={2013}
}

@inproceedings{kohavi1995study,
  title={A study of cross-validation and bootstrap for accuracy estimation and model selection},
  author={Kohavi, Ron and others},
  booktitle={Ijcai},
  volume={14},
  pages={1137--1145},
  year={1995}
}

@book{andrienko2006exploratory,
  title={Exploratory analysis of spatial and temporal data: a systematic approach},
  author={Andrienko, Natalia and Andrienko, Gennady},
  year={2006},
  publisher={Springer Science \& Business Media}
}

 @misc{ wiki:stat,
   author = "Wikipedia",
   title = "Statistical classification --- Wikipedia{,} The Free Encyclopedia",
   year = "2016",
   url = "https://en.wikipedia.org/w/index.php?title=Statistical_classification&oldid=714726620",
   note = "[Online; accessed 9-May-2016]"
 }

 @misc{ wiki:curse,
   author = "Wikipedia",
   title = "Curse of dimensionality --- Wikipedia{,} The Free Encyclopedia",
   year = "2016",
   url = "https://en.wikipedia.org/w/index.php?title=Curse_of_dimensionality&oldid=715536863",
   note = "[Online; accessed 9-May-2016]"
 }
 
  @misc{ wiki:confusion,
   author = "Wikipedia",
   title = "Confusion matrix --- Wikipedia{,} The Free Encyclopedia",
   year = "2016",
   url = "https://en.wikipedia.org/w/index.php?title=Confusion_matrix&oldid=712294830",
   note = "[Online; accessed 9-May-2016]"
 }
 
  @misc{ wiki:bfgs,
   author = "Wikipedia",
   title = "Broyden–Fletcher–Goldfarb–Shanno algorithm --- Wikipedia{,} The Free Encyclopedia",
   year = "2016",
   url = "https://en.wikipedia.org/w/index.php?title=Broyden%E2%80%93Fletcher%E2%80%93Goldfarb%E2%80%93Shanno_algorithm&oldid=711674213",
   note = "[Online; accessed 9-May-2016]"
 }
 
  @misc{ wiki:tfidf,
   author = "Wikipedia",
   title = "Tf–idf --- Wikipedia{,} The Free Encyclopedia",
   year = "2016",
   url = "https://en.wikipedia.org/w/index.php?title=Tf%E2%80%93idf&oldid=718814478",
   note = "[Online; accessed 9-May-2016]"
 }